<?xml version="1.0" encoding="UTF-8"?>
<collection xmlns:xsi="http://www.w3.org/2001/XMLSchema-instance" xsi:schemaLocation="http://www.loc.gov/MARC21/slim http://www.loc.gov/standards/marcxml/schema/MARC21slim.xsd" xmlns="http://www.loc.gov/MARC21/slim">
<record>
  <leader>00786cam a2200241 a 4500</leader>
  <controlfield tag="001">3235526</controlfield>
  <controlfield tag="003">NNC</controlfield>
  <controlfield tag="005">20140528144828.0</controlfield>
  <controlfield tag="008">960322s1928    sy            000 0 arard</controlfield>
  <datafield tag="035" ind1=" " ind2=" ">
    <subfield code="a">(OCoLC)ocm34435834</subfield>
  </datafield>
  <datafield tag="035" ind1=" " ind2=" ">
    <subfield code="9">AUK8388CU</subfield>
  </datafield>
  <datafield tag="035" ind1=" " ind2=" ">
    <subfield code="a">(NNC)3235526</subfield>
  </datafield>
  <datafield tag="035" ind1=" " ind2=" ">
    <subfield code="a">3235526</subfield>
  </datafield>
  <datafield tag="040" ind1=" " ind2=" ">
    <subfield code="a">CUY</subfield>
    <subfield code="c">CUY</subfield>
    <subfield code="d">ZCU</subfield>
  </datafield>
  <datafield tag="099" ind1=" " ind2=" ">
    <subfield code="a">893.7J19</subfield>
    <subfield code="a">P5</subfield>
  </datafield>
  <datafield tag="100" ind1="0" ind2=" ">
    <subfield code="a">Jāḥiẓ,</subfield>
    <subfield code="d">-868 or 869.</subfield>
  </datafield>
  <datafield tag="240" ind1="1" ind2="0">
    <subfield code="a">Dalāʼil wa-al-iʻtibār ʻalá al-khalq wa-al-tadbīr</subfield>
  </datafield>
  <datafield tag="245" ind1="1" ind2="0">
    <subfield code="a">Kitāb al-dalāʾil wa-al-iʻtibār ʻalá al-khalq wa-al-tadbīr /</subfield>
    <subfield code="c">taʾlīf Abī ʻUthmān ʻAmr ibn Baḥr al-Jāḥiẓ.</subfield>
  </datafield>
  <datafield tag="260" ind1=" " ind2=" ">
    <subfield code="a">Ḥalab :</subfield>
    <subfield code="b">Maṭbaʻat al-ʻIlmīyah,</subfield>
    <subfield code="c">1928.</subfield>
  </datafield>
  <datafield tag="300" ind1=" " ind2=" ">
    <subfield code="a">78 p. ;</subfield>
    <subfield code="c">24 cm.</subfield>
  </datafield>
  <datafield tag="650" ind1=" " ind2="0">
    <subfield code="a">God (Islam)</subfield>
    <subfield code="x">Proof.</subfield>
  </datafield>
  <datafield tag="650" ind1=" " ind2="0">
    <subfield code="a">God (Islam)</subfield>
    <subfield code="x">Attributes.</subfield>
  </datafield>
  <datafield tag="955" ind1=" " ind2=" ">
    <subfield code="b">CU58974903</subfield>
    <subfield code="d">off,glx</subfield>
    <subfield code="e">893.7J19 P5</subfield>
  </datafield>
</record>
</collection>